@techreport{
  testbook:aaaa,
  author      = {Fest Autor},
  institution = {Mogus},
  title       = {The art of being sus},
  year        = {2001},
}

@online{stackoverflow,
    title = "Stack Overflow",
    url  = "https://stackoverflow.com/",
    addendum = "(Zugriff: 28.02.2023)",
}

@online{stackoverflow_survey,
    title = "Stack Overflow Developer Survey",
    url  = "https://survey.stackoverflow.co/2022",
    addendum = "(Zugriff: 28.02.2023)",
}

@online{raspberry_pi_4b,
    title = "Raspberry Pi 4 Model B",
    url  = "https://www.raspberrypi.com/products/raspberry-pi-4-model-b/",
    addendum = "(Zugriff: 28.02.2023)",
}