% Vlocker
@online{vlocker_fläche,
  title    = {Hoch hinaus und sicher verstaut | Der V-Locker Veloturm und seine Steuerung},
  url      = {https://www.technik-und-wissen.ch/der-v-locker-veloturm-und-seine-steuerung.html},
  addendum = {(Zugriff: 13.03.2023)}
}

@online{parkplatz_größe,
  title    = {How Large is a Parking Space?},
  url      = {https://franklinst.com/how-large-is-a-parking-space/},
  addendum = {(Zugriff: 13.03.2023)}
}

@online{vlocker_kapazität,
  title    = {E-Bikes in Türmen geparkt - V-Locker gewinnt “Bundespreis Ecodesign 2022”},
  url      = {https://innovators-guide.ch/2022/12/e-bikes-in-tuermen-geparkt-v-locker-gewinnt-bundespreis-ecodesign-2022},
  addendum = {(Zugriff: 13.03.2023)}
}

@article{vlocker_preis,
  author  = {Fabio Peter},
  journal = {Berner Zeitung},
  title   = {Der Veloparkplatz im Turm},
  year    = {2020},
  month   = {10},
  url     = {https://v-locker.ch/wp-content/uploads/2020/10/181020-Berner-Zeitung_V-Locker.pdf},
  note    = {(Zugriff: 13.03.2023)}
}


% Rondell
@online{rondell_fläche,
  title    = {Rondell Fläche},
  url      = {https://www.rondell.ch/de/produkte/rondell-1/},
  addendum = {(Zugriff: 13.03.2023)}
}

% Fahrradständer
@online{ständer_preis,
  title    = {Fahrradständer für 5 Fahrräder Rostfreier Stahl und Verzinkter Stahl},
  url      = {https://www.verkehrsshop.de/fahrradstaender-5-fahrraeder-l-foermiger-boden.html},
  addendum = {(Zugriff: 14.03.2023)}
}


% Fahrradständer Unterirdisch
@online{ständer_unter,
  title    = {Amsterdam eröffnet Unterwasser-Parkgaragen für Fahrräder},
  url      = {https://www.derstandard.at/story/2000143170008/amsterdam-eroeffnet-unterwasser-parkgaragen-fuer-fahrraeder},
  addendum = {(Zugriff: 14.03.2023)}
}